<?xml version="1.0" encoding="UTF-8"?><collection xmlns="http://www.loc.gov/MARC21/slim"><record><leader>00428nam--2200133-i-4500</leader><controlfield tag="001">000006907</controlfield><controlfield tag="002">20161230</controlfield><controlfield tag="005">20161230201027</controlfield><controlfield tag="008">060222s1000------------r-----000-0-eng-d</controlfield><datafield ind1=" " ind2=" " tag="100"><subfield code="a">Bengtsson, Emil /S.A.</subfield></datafield><datafield ind1=" " ind2=" " tag="245"><subfield code="a">A three-crystal spectrometer for x-ray investi gations into primary diffraction patterns</subfield></datafield><datafield ind1=" " ind2=" " tag="260"><subfield code="a">Goteborg, Scandinavian Univ.Books, 1964. 25 P</subfield></datafield><datafield ind1=" " ind2=" " tag="490"><subfield code="a">Chalmers Tekniska Hogskolas Handl.,</subfield></datafield><datafield ind1=" " ind2=" " tag="852"><subfield code="a">13929</subfield></datafield></record></collection>